@book{labuam,
publisher = {UAM},
year = {2022},
title = {Medida del Índice de Refracción},
adress = {Spain, Madrid},
author = {UAM}
}
@book{cien,
publisher = {Librero},
year = {2020},
title = {Física. 100 Conceptos},
adress = {Spain, Madrid},
author = {Graham Southorn}
}
@book{Sears,
publisher = {Pearson Education},
year = {2009},
title = {Física Universitaria, con física moderna (vol 2)},
author = {Sears, Zemansky}
}
@book{cant,
publisher = {Universidad de Cantabria},
year = {2012},
title = {Estudio y caracterización del sensor de
nivel de líquido de fibra óptica multimodo},
author = {Jorge Fernández García}
}