@book{labuam,
publisher = {UAM},
year = {2018},
title = {Corriente y Resistencia Eléctrica},
adress = {Spain, Madrid},
author = {UAM}
}
@book{cien,
publisher = {Librero},
year = {2020},
title = {Física. 100 Conceptos},
adress = {Spain, Madrid},
author = {Graham Southorn}
}
@book{Tipler,
isbn = {84-291-9601-3},
year = {2020},
title = {Física para la ciencia y la tecnología. Volumen 2A : : Electricidad y magnetismo},
edition = {sexta edición.},
language = {spa},
author = {Tipler, Paul A.},
keywords = {Electricity; Magnetism; Physics -- Study and teaching research; Electricidad; Física -- Estudio y enseñanza investigación; Magnetismo; Libros electrónicos},
}
@book{resist,
publisher = {MuellesCrom},
year = {2024},
title = {Material para Resistencias},
author = {MuellesCrom}
}
@book{Sears,
publisher = {Pearson Education},
year = {2009},
title = {Física Universitaria, con física moderna (vol 2)},
author = {Sears, Zemansky}
}
@book{Ohm,
publisher = {Universidad de Sevilla},
year = {2018},
title = {Ley de Ohm},
author = {US}
}
@book{elec,
publisher = {Ra-Ma},
year = {2014},
title = {Electricidad},
author = {Hernández Martín, Juan Luis; Colmenar Santos, Antonio}
}