@book{CrawfordFrankS1974O,
series = {Curso de Física de Berkeley Ser},
isbn = {84-291-9038-4},
year = {1974},
title = {Ondas},
language = {spa},
author = {Crawford, Frank S},
keywords = {Waves; Física; Libros electronicos},
}
@book{2002Hop,
publisher = {Springer},
isbn = {0387952691},
year = {2002},
title = {Handbook of physics},
language = {eng},
address = {New York},
keywords = {Física -- Tratados manuales;Física general},
author = {Walter Benenson}
}
@book{labuam,
publisher = {UAM},
year = {2005},
title = {Ondas Estacionarias en un Hilo},
adress = {Spain, Madrid},
author = {UAM}
}
@book{osc,
title = {Generador de Funciones},
howpublished = "\url{https://programarfacil.com/electronica/generador-de-funciones/}",
author = {ProgramarFácil},
year = {2023},
}
@book{onda,
title = {Ondas},
howpublished = "\url{https://imperiodelaciencia.wordpress.com/tag/ondas/}",
author = {imperiodelaciencia},
year = {2011},
}
@book{hund,
publisher = {Librero},
year = {2020},
title = {Física. 100 Conceptos},
adress = {Spain, Madrid},
author = {Graham Southorn}
}