@book{bmc,
title = {Cómo funciona el oído},
howpublished = "\url{https://www.bmc.org/es/como-funciona-el-oido}",
author = {BMC},
year = {2023},
}
@book{hund,
publisher = {Librero},
year = {2020},
title = {Física. 100 Conceptos},
adress = {Spain, Madrid},
author = {Graham Southorn}
}
@book{upm,
title = {Termodinámica},
howpublished = "\url{https://www2.montes.upm.es/dptos/digfa/cfisica/termo1p/primerpadiab.htm}",
author = {UPM},
year = {2021},
}
@book{labuam,
publisher = {UAM},
year = {2005},
title = {Medida de la Velocidad del Sonido},
adress = {Spain, Madrid},
author = {UAM}
}
@book{img,
title = {Imagen - LUZ EN UNA POMPA DE JABÓN},
howpublished = "\url{http://elespiritudegalileo.blogspot.com/2015/12/luz-en-una-pompa-de-jabon.html}",
author = {EedG},
year = {2013},
}